<record><leader>00000cas a22000007a 4500</leader><controlfield tag="001">18047092</controlfield><controlfield tag="008">880607c19679999ohuwr ne      0    0eng d</controlfield><datafield ind1=" " ind2=" " tag="010"><subfield code="a">sn 88078622 </subfield></datafield><datafield ind1=" " ind2=" " tag="040"><subfield code="a">ONP</subfield><subfield code="b">eng</subfield><subfield code="c">ONP</subfield><subfield code="d">OCLCQ</subfield></datafield><datafield ind1=" " ind2=" " tag="042"><subfield code="a">msc</subfield></datafield><datafield ind1="0" ind2=" " tag="130"><subfield code="a">Chesterland news (Chesterland, Ohio : 1967)</subfield></datafield><datafield ind1="1" ind2="0" tag="245"><subfield code="a">Chesterland news.</subfield></datafield><datafield ind1=" " ind2=" " tag="260"><subfield code="a">Chesterland, Ohio :</subfield><subfield code="b">West G. Co.,</subfield><subfield code="c">1967-</subfield></datafield><datafield ind1=" " ind2=" " tag="300"><subfield code="a">v.</subfield></datafield><datafield ind1=" " ind2=" " tag="310"><subfield code="a">Weekly</subfield></datafield><datafield ind1="0" ind2=" " tag="362"><subfield code="a">Vol. 1, no. 1 (May 17, 1967)-</subfield></datafield><datafield ind1=" " ind2="4" tag="651"><subfield code="a">Chesterland (Ohio)</subfield><subfield code="v">Newspapers.</subfield></datafield><datafield ind1=" " ind2="4" tag="651"><subfield code="a">Geauga County (Ohio)</subfield><subfield code="v">Newspapers.</subfield></datafield><datafield ind1=" " ind2=" " tag="752"><subfield code="a">United States</subfield><subfield code="b">Ohio</subfield><subfield code="c">Geauga</subfield><subfield code="d">Chesterland.</subfield></datafield></record>